@book{ 2002:Marteinsson,
        author= {BjÃ¶rn Marteinsson},
        title = {Efnisnotkun},
        publisher = {Self},
        year = {2002}
         }